@inproceedings{Banko,
 author = {Banko, Michele and Cafarella, Michael J. and Soderland, Stephen and Broadhead, Matt and Etzioni, Oren},
 title = {Open Information Extraction from the Web},
 booktitle = {Proceedings of the 20th International Joint Conference on Artifical Intelligence},
 series = {IJCAI'07},
 year = {2007},
 location = {Hyderabad, India},
 pages = {2670--2676},
 numpages = {7},
 url = {http://dl.acm.org/citation.cfm?id=1625275.1625705},
 acmid = {1625705},
 publisher = {Morgan Kaufmann Publishers Inc.},
 address = {San Francisco, CA, USA},
}

@MISC{Tang_informationextraction,
    author = {Jie Tang and Mingcai Hong and Duo Zhang and Bangyong Liang and Juanzi Li},
    title = {Information Extraction: Methodologies and Applications},
    year = {}
}

@misc{Dijkstra,
  author = {},
  title = {Dijkstra's algorithm to find shortest paths},
  howpublished = "\url{https://en.wikipedia.org/wiki/Dijkstra%27s_algorithm}",
} 

@misc{Wordnet,
  author = {},
  title = {How to use NLTK's wordent},
  howpublished = "\url{http://www.nltk.org/howto/wordnet.html}",
} 

@misc{jython,
  author = {Viktor Pekar},
  title = {Jython libraries for Stanford Parser},
  howpublished = "\url{https://github.com/vpekar/stanford-parser-in-jython/}",
} 

@misc{Tree,
  author = {},
  title = {NLTK Parse trees},
  howpublished = "\url{http://www.nltk.org/book/ch08.html/}",
} 
